@misc{Anleitung,
  author = {Praktikumsanleitung},
  title = {{Versuch 301 - Leerlaufspannung und Innenwiderstand von Spannungsquellen}},
  howpublished = "\url{http://129.217.224.2/HOMEPAGE/Anleitung_AP.html}"
}
